<?xml version="1.0" encoding="UTF-8" ?>
<collection xmlns:xsi="http://www.w3.org/2001/XMLSchema-instance"
    xsi:schemaLocation="http://www.loc.gov/MARC21/slim
        http://www.loc.gov/standards/marcxml/schema/MARC21slim.xsd"
    xmlns="http://www.loc.gov/MARC21/slim">
<record>
  <leader>00212cam a2200385 i 4500</leader>
  <controlfield tag="001">b12313889</controlfield>
  <controlfield tag="003">LeBAU</controlfield>
  <controlfield tag="005">20140208</controlfield>
  <controlfield tag="008">970113s1936    le acf        ||0 0 ara d</controlfield>
  <datafield tag="035" ind1=" " ind2=" ">
    <subfield code="a">ocn784183310</subfield>
  </datafield>
  <datafield tag="040" ind1=" " ind2=" ">
    <subfield code="a">LEAUB</subfield>
    <subfield code="b">ara</subfield>
    <subfield code="e">rda</subfield>
    <subfield code="c">LEAUB</subfield>
    <subfield code="d">LEAUB</subfield>
  </datafield>
  <datafield tag="082" ind1="0" ind2="4">
    <subfield code="a">252.6</subfield>
    <subfield code="2">20</subfield>
  </datafield>
  <datafield tag="100" ind1="1" ind2=" ">
    <subfield code="6">880-01</subfield>
    <subfield code="a">Mubārak, Ighnāṭyūs,</subfield>
    <subfield code="e">author.</subfield>
  </datafield>
  <datafield tag="245" ind1="1" ind2="0">
    <subfield code="6">880-02</subfield>
    <subfield code="a">al-Thamar al-mubārak min nafā’s wa-rawāʼiʻ :</subfield>
    <subfield code="b">al-mawāʻiẓ al-dīnīyah wa-al-taṣrīḥāt wa-al-khuṭab al-sīyāsīyah wa-al-adabīyah /</subfield>
    <subfield code="c">alqāhā bayna ‘āmay 1929-1936 al-‘allāmah al-khaṭī al-mufawwah ṣāḥib al-siyādah al-Muṭrān Ighnāṭyūs Mubārak ra’īs asāqifat Bayrūt al-Mārūnī ; jama‘hā wa-nassaqahā wa-ṭaba‘ahā ‘alá nafaqatih al-Khūrusquf Butrus Ḥubayqah ra’īs madrasat Mār Buṭrus Baskintā - Lubnān.</subfield>
  </datafield>
  <datafield tag="264" ind1=" " ind2="1">
    <subfield code="6">880-03</subfield>
    <subfield code="a">Jūnīyah, Lubnān :</subfield>
    <subfield code="b">Maṭbaʻat al-Mursalīn al-Lubnāniyīn,</subfield>
    <subfield code="c">1936.</subfield>
  </datafield>
  <datafield tag="300" ind1=" " ind2=" ">
    <subfield code="6">880-04</subfield>
    <subfield code="a">454 pages :</subfield>
    <subfield code="b">illustrations, portrait ;</subfield>
    <subfield code="c">24 cm</subfield>
  </datafield>
  <datafield tag="336" ind1=" " ind2=" ">
    <subfield code="a">text</subfield>
    <subfield code="b">txt</subfield>
    <subfield code="2">rdacontent</subfield>
  </datafield>
  <datafield tag="337" ind1=" " ind2=" ">
    <subfield code="a">unmediated</subfield>
    <subfield code="b">n</subfield>
    <subfield code="2">rdamedia</subfield>
  </datafield>
  <datafield tag="338" ind1=" " ind2=" ">
    <subfield code="a">volume</subfield>
    <subfield code="b">nc</subfield>
    <subfield code="2">rdacarrier</subfield>
  </datafield>
  <datafield tag="650" ind1=" " ind2="4">
    <subfield code="a">الأخلاق المسيحية.</subfield>
  </datafield>
  <datafield tag="650" ind1=" " ind2="4">
    <subfield code="a">مواعظ عربية.</subfield>
  </datafield>
  <datafield tag="650" ind1=" " ind2="0">
    <subfield code="a">Christian ethics.</subfield>
  </datafield>
  <datafield tag="650" ind1=" " ind2="0">
    <subfield code="a">Sermons, Arabic.</subfield>
  </datafield>
  <datafield tag="700" ind1="1" ind2=" ">
    <subfield code="6">880-05</subfield>
    <subfield code="a">Ḥubayqah, Buṭrus,</subfield>
    <subfield code="e">collector.</subfield>
  </datafield>
  <datafield tag="852" ind1=" " ind2=" ">
    <subfield code="a">Jafet Library</subfield>
    <subfield code="e">American University of Beirut, Bliss Street , Beirut, Lebanon.</subfield>
  </datafield>
  <datafield tag="880" ind1="1" ind2=" ">
    <subfield code="6">100-01/(3/r</subfield>
    <subfield code="a">مبارك، اغناطيوس،</subfield>
    <subfield code="e">مؤلف. </subfield>
    <subfield code="4">aut.</subfield>
  </datafield>
  <datafield tag="880" ind1="1" ind2="0">
    <subfield code="6">245-02/(3/r</subfield>
    <subfield code="a">الثمر المبارك من نفائس وروائع :</subfield>
    <subfield code="b">المواعظ الدينية و الإجتماعية و التصريحات و الخطب السياسية و الأدبية /</subfield>
    <subfield code="c">ألقاها بين عامي 1929-1936 العلامة الخطيب المفوه صاحب السيادة المطران إغناطيوس مبارك رئيس أساقفة بيروت الماروني ؛ جمعها ونسقها وطبعها على نفقته الخوراسقف بطرس حبيقة رئيس مدرسة مار بطرس بسكنتا - لبنان.</subfield>
  </datafield>
  <datafield tag="880" ind1=" " ind2="1">
    <subfield code="6">264-03/(3/r</subfield>
    <subfield code="a">جونية، لبنان :</subfield>
    <subfield code="b">مطبعة المرسلين اللبنانيين،</subfield>
    <subfield code="c">1936.</subfield>
  </datafield>
  <datafield tag="880" ind1=" " ind2=" ">
    <subfield code="6">300-04/(3/r</subfield>
    <subfield code="a">454 صفحة :</subfield>
    <subfield code="b">مصورات، صورة شخصانية ؛</subfield>
    <subfield code="c">24 سم</subfield>
  </datafield>
  <datafield tag="880" ind1="1" ind2=" ">
    <subfield code="6">700-05/(3/r</subfield>
    <subfield code="a">حبيقة، بطرس،</subfield>
    <subfield code="e">جامع. </subfield>
    <subfield code="4">col.</subfield>
  </datafield>
  <datafield tag="907" ind1=" " ind2=" ">
    <subfield code="a">.b12313889</subfield>
    <subfield code="b">16-04-12</subfield>
    <subfield code="c">11-05-24</subfield>
  </datafield>
  <datafield tag="907" ind1=" " ind2=" ">
    <subfield code="a">.b12313889</subfield>
    <subfield code="b">15-10-15</subfield>
    <subfield code="c">11-05-24</subfield>
  </datafield>
  <datafield tag="945" ind1=" " ind2=" ">
    <subfield code="f">J</subfield>
    <subfield code="a">252.6:M941tA:c.1</subfield>
    <subfield code="g">1</subfield>
    <subfield code="i">01000855</subfield>
    <subfield code="j">.i12741851</subfield>
    <subfield code="l">u0503</subfield>
  </datafield>
  <datafield tag="998" ind1=" " ind2=" ">
    <subfield code="a">u05</subfield>
    <subfield code="b">97-01-13</subfield>
    <subfield code="c">m</subfield>
    <subfield code="d">a</subfield>
    <subfield code="e">-</subfield>
    <subfield code="f">ara</subfield>
    <subfield code="g">le </subfield>
    <subfield code="h">0</subfield>
    <subfield code="i">1</subfield>
  </datafield>
</record>
</collection>
